<?xml version="1.0" encoding="UTF-8"?><collection xmlns="http://www.loc.gov/MARC21/slim"><record><leader>00426nam--2200121-i-4500</leader><controlfield tag="001">000009210</controlfield><controlfield tag="002">20161230</controlfield><controlfield tag="005">20161230201028</controlfield><controlfield tag="008">060222s1000------------r-----000-0-eng-d</controlfield><datafield ind1=" " ind2=" " tag="245"><subfield code="a">Decus proceedings. fall 1965. papers and presentations of the digital equipment computer users society, maynard, massachusetts fall symposium,. nov.29, 1965</subfield></datafield><datafield ind1=" " ind2=" " tag="260"><subfield code="a">Stanford, Calif., Stanford University, 1966</subfield></datafield><datafield ind1=" " ind2=" " tag="490"><subfield code="a">V+90p</subfield></datafield><datafield ind1=" " ind2=" " tag="852"><subfield code="a">681.3</subfield></datafield></record></collection>